@preamble{ "\newcommand{\parsig}[1]{(Proc. of ACM SIGGRAPH~#1)}" }
@preamble{ "\newcommand{\parsiga}[1]{(Proc. of ACM SIGGRAPH Asia~#1)}" }
@string{TOG = {ACM Transactions on Graphics}}
when = { 2002-- }
@string{TOG-y = {ACM Transactions on Graphics \parsig}}  
when = { --92 }
@string{CG-y = {Computer Graphics \parsig}}
when = {1993 -- 2001}
@string{SIGGRAPH-y = {Proc. of ACM SIGGRAPH~}}
@string{CGA = {{IEEE} Computer Graphics and Applications}}
@string{TOG-z = {ACM Transactions on Graphics \parsiga}}

@article{Sander07,
    title = {Fast Triangle Reordering for Vertex Locality and 
        Reduced Overdraw},
    author = {Sander, P.~V. and Nehab, D. and Barczak, J.},
    journal = TOG-y # {{2007}},
    year = 2007,
    volume = 26,
    number = 3,
    pages = 89
}

@article{Chen12,
 title = {Depth-presorted Triangle Lists},
author = {Chen, Ge and Sander, Pedro V. and Nehab, Diego and Yang, Lei and Hu, Liang},
    journal = TOG-z # {{2012}},
 volume = 31,
 number = 6,
    year = 2012,
    pages = {160:1--160:9}
}

@inproceedings{macqueen67,
author = "MacQueen, J.",
booktitle = "Proceedings of the Fifth Berkeley Symposium on Mathematical Statistics and Probability, Volume 1: Statistics",
pages = "281--297",
title = "Some methods for classification and analysis of multivariate observations",
year = "1967"
}


@phdthesis{Airey90,
    author = {John Milligan Airey},
    title = {Increasing update rates in the building walkthrough system with automatic model-space subdivision and potentially visible set calculations},
    school = {UNC-CH},
    year = {1990},
}

@misc{Akeley90,
    author = {K. Akeley and P. Haeberli and D. Burns},
    note = {The tomesh.c program. Available on SGI
        computers and developers toolbox CD},
    year = 1990
}

@article{Alliez01a,
    author = {Pierre Alliez and Mathieu Desbrun},
    title = {Valence-Driven Connectivity Encoding for {3D} Meshes},
    journal =  {Computer Graphics Forum},
    year = 2001,
    volume = 20,
    number = 3,
    pages = {480--489}
}

@inproceedings{Alliez01b,
    author = {Pierre Alliez and Mathieu Desbrun},
    title = {Progressive compression for lossless transmission of 
        triangle meshes},
    booktitle = SIGGRAPH-y # {2001},
    year = 2001,
    pages = {195--202},
}
    publisher = {{ACM} Press},

@inproceedings{Alliez03,
    author = {Alliez, P. and Gotsman, C.},
    year = 2003,
    booktitle = {Symposium on Multiresolution in Geometric Modeling},
    title = {Recent Advances in Compression of {3D} Meshes}
}

@article{Arkin96,
    author = {Esther M. Arkin and Martin Held and Joseph
        S. B. Mitchell and Steven Skiena},
    title = {Hamiltonian triangulations for fast rendering},
    journal = {The Visual Computer},
    volume = 12,
    number = 9,
    pages = {429--444},
    year = 1996
}

@inproceedings{Bajaj99,
    author = {Chandrajit L. Bajaj and Valerio Pascucci and Guozhong Zhuang},
    title = {Progressive compressive and transmission of arbitrary 
        triangular meshes},
    booktitle = {Visualization'99},
    year = 1999,
    pages = {307--316},
}
    publisher = {{IEEE} Computer Society Press},

@article{BarYehuda96,
    author = {Reuven Bar-Yehuda and Craig Gotsman},
    title = {Time/space tradeoffs for polygon mesh rendering},
    journal = {ACM Transactions on Graphics},
    volume = 15,
    number = 2,
    year = 1996,
    pages = {141--152},
}
    publisher = {{ACM} Press}

@article{Belmonte04,
    author = {Oscar Belmonte and
        Inmaculada Remolar and
        Jos{\'e} Ribelles and
        Miguel Chover and
        Marcos Fern{\'a}ndez
    },
    title = {Efficiently using connectivity information
        between triangles in a mesh for real-time rendering},
    journal = {Future Generation Computer Systems},
    volume = 20,
    number = 8,
    year = 2004,
    pages = {1263--1273}
}

@inproceedings{Belmonte01,
    author = {O. Belmonte and I. Remolar and J. Ribelles, M.
        Chover and C. Rebollo and M. Fern�ndez},
    title = {Multiresolution Triangle Strips},
    booktitle = {Proceedings of IASTED VIIP},
    year = 2001,
    pages = {182--187}
}

@article{Belmonte02,
    author = {O. Belmonte and I. Remolar and
        J. Ribelles and M. Chover and M. Fern�ndez},
    title = {Efficient Implementation of Multiresolution
        Triangle Strips},
    journal = {Lecture Notes in Computer Science},
    volume = 2330,
    note = {ICCS'02: Proceedings of the
        International Conference on Computational Science-Part II},
    year = 2002,
    pages = {111--120}
}

@article{Bogomjakov02,
    author = {Alexander Bogomjakov and Craig Gotsman},
    title = {Universal Rendering Sequences for Transparent Vertex Caching
            of Progressive Meshes.},
    journal = {Computer Graphics Forum},
    volume = 21,
    number = 2,
    year = 2002,
    pages = {137--148}
}

@inproceedings{Chow97,
    author = {Mike M. Chow},
    title = {Optimized Geometry Compression for Real-Time Rendering},
    booktitle = {Visualization'97},
    year = 1997,
    pages = {347--354, 559},
}
    publisher = {{IEEE} Computer Society}

@techreport{Cohen02,
    author = {D. Cohen-Or and R. Cohen and R. Irony},
    title = {Multi-way geometry encoding},
    institution = {Tel Aviv University},
    year = 2002,
}

@inproceedings{Deering95,
    author = {Michael Deering},
    title = {Geometry compression},
    booktitle = SIGGRAPH-y # {{95}},
    year = 1995,
    pages = {13--20},
}
    publisher = {{ACM} Press}

@inproceedings{Deering93,
    author = {Michael F. Deering and Scott R. Nelson},
    title = {Leo: a system for cost effective {3D} shaded graphics},
    booktitle = SIGGRAPH-y # {{93}},
    year = 1993,
    pages = {101--108},
}
    publisher = {{ACM} Press}

@inproceedings{Devillers00,
    author = {Olivier Devillers and Pierre-Marie Gandoin},
    title = {Geometric Compression for Interactive Transmission},
    booktitle = {Visualization 2000},
    pages = {319--326},
    year = 2000,
}
    publisher = {{IEEE} Computer Society}

@inproceedings{DiazGutierrez05a,
    author = {Pablo Diaz-Gutierrez and Anusheel Bhushan and
        M Gopi and Renato Pajarola},
    title = {Constrained Strip Generation and Management for
    Efficient Interactive {3D} Rendering},
    booktitle = {CGI},
    year = 2005,
    pages = {115--121},
}
    booktitle = {Proceedings of Computer Graphics
        International},
    publisher = {Computer Society Press}

@article{DiazGutierrez05b,
    author = {Diaz-Gutierrez, P and Gopi, M and Pajarola, R},
    title = {Hierarchyless Simplification, Stripification and 
        Compression of Triangulated Two-Manifolds},
    journal = {Computer Graphics Forum},
    pages = {457--467},
    volume = 24,
    number = 3, 
    year = 2005
}

@article{Cohen03,
    author = {Cohen-Or, D. and Chrysanthou, Y.L. and Silva, C.T. 
              and Durand, F.},
    title = {A survey of visibility for walkthrough applications},
    journal = {TVCG},
    pages = {412--431},
    volume = 9,
    number = 3, 
    year = 2003
}
    journal = {IEEE Transactions on Visualization and Computer Graphics},

@article{Bittner04,
    author = {Jiri Bittner and Michael Wimmer and Harald Piringer,
    Werner Purgathofer},
    title = {Coherent Hierarchical Culling:
    Hardware Occlusion Queries Made Useful},
    journal = {Computer Graphics Forum},
    pages = {615--624},
    volume = 23,
    number = 3, 
    year = 2004
}

@article{DiazGutierrez06,
    author = {Pablo Diaz-Gutierrez and Anusheel Bhushan and
        M. Gopi and Renato Pajarola},
    title = {Single-strips for fast interactive rendering},
    journal = {The Visual Computer},
    volume = 22,
    number = 6,
    year = 2006,
    pages = {372--386}
}

@article{Dillencourt96,
    author = {Michael B. Dillencourt},
    title = {Finding Hamiltonian cycles in Delaunay 
        triangulations is {NP}-complete},
    journal = {Discrete Applied Mathematics},
    volume = 64,
    number = 3,
    year = 1996,
    pages = {207--217}
}

@inproceedings{Estkowski02,
    title = {Optimal decomposition of polygonal models into triangle strips}, 
    author = {R. Estkowski and J.S.B. Mitchell and X.  Xi-ang.},
    year = 2002,
    booktitle = {SCG},
    pages = {254--263},
}
    publisher = {{ACM} Press}
   booktitle = {Proceedings of the 18th Annual Symposium on
        Computational Geometry}

@article{ElSana00,
    author = {El-Sana, J. and Evans, F. and Kalaiah, A. and 
        Varshney, A. and Skiena, S. and Azanli E.},
    title = {Efficiently computing and updating triangle
        strips for real-time rendering},
    journal = {Computer-Aided design},
    volume = 32,
    number = 13,
    year = 2000
}

@inproceedings{ElSana99,
    author = {Jihad A. El-Sana and Elvir Azanli and Amitabh Varshney},
    title = {Skip strips: maintaining triangle strips for 
        view-dependent rendering},
    booktitle = {Visualization '99},
    year = 1999,
    pages = {131--138},
    summary = {If you have strips, then run edge collapses, use a 
        skip-list to efficiently encode adjacency}
}
    publisher = {{IEEE} Computer Society},

@inproceedings{Eppstein04,
    author = {David Eppstein and M. Gopi},
    title = {Single-strip triangulation of manifolds with
        arbitrary topology},
    booktitle = {SCG},
    year = 2004,
    pages = {455--456},
}
    publisher = {ACM Press},
    address = {New York, NY, USA}

@inproceedings{Evans96a,
    author = {Evans, F. and Skiena, S. and Varshney, A.},
    title = {Optimizing triangle strips for fast rendering},
    booktitle = {Visualization '96},
    year = 1996,
    pages = {319--326},
}
    publisher = {{IEEE} Computer Society}

@techreport{Evans96b,
    author = {F. Evans and S. Skiena and A. Varshney},
    institution = {Department of Computer Science, State University
        of New York at Stony Brook},
    title = {Completing Sequential Triangulations is Hard},
    year = 1996
}

@article{Blythe06,
    author = {David Blythe},
    title = {The {Direct3D} 10 system},
    journal = TOG-y # {{2003}}, 
    volume = 25,
    number = 3,
    year = 2006,
    pages = {724--734},
}

@techreport{Hillesland02,
    author = {K. Hillesland and B. Salomon A. and Lastra D. and Manocha},
    institution = {Department of Computer Science, UNC-CH},
    title = {Fast and Simple Occlusion Culling Using
        Hardware-Based Depth Queries},
    year = 2002,
    number = {TR02-039}
}

@techreport{Govindaraju04,
    title = {Vis-Sort: Fast Visibility Ordering of 3-D
        Geometric Primitives},
    institution = {Department of Computer Science, UNC-CH},
    author = {Naga K. Govindaraju and Ming Lin and Dinesh Manocha},
    year = 2004
}

@inproceedings{Govindaraju05,
    author = {Naga K. Govindaraju and Michael Henson and Ming C. Lin and Dinesh Manocha},
    title = {Interactive visibility ordering and transparency computations among geometric primitives in complex environments},
    booktitle = {I3D},
    year = 2005,
    pages = {49--56},
}
    booktitle = {Proceedings of the ACM SIGGRAPH Symposium on
        Interactive {3D} Graphics and Games}

@inproceedings{Fuchs80,
    author = {Henry Fuchs and Zvi M. Kedem and Bruce F. Naylor},
    title = {On visible surface generation by a priori tree structures},
    booktitle = SIGGRAPH-y # {{80}},
    year = {1980},
    pages = {124--133},
}
    publisher = {ACM Press},

@article{Garey76,
    title = {The planar Hamiltonian circuit problem is {NP}-complete},
    year = 1976,
    author = {Garey, M. R. and Johnson, D. S. and Tarjan, R. E.},
    journal = {SIAM J. Comput.},
    volume = 5,
    number = 4,
    pages = {704--714}
}

@inproceedings{Greene93,
    author = {Ned Greene and Michael Kass and Gavin Miller},
    title = {Hierarchical Z-buffer visibility},
    booktitle = SIGGRAPH-y # {{93}},
    year = 1993,
    pages = {231--238},
}
    publisher = {ACM Press},

@inproceedings{Gopi04,
    author = {Gopi, M}, 
    title = {Controllable Single-Strip Generation for Triangulated Surfaces},
    booktitle = {PG'04},
    year = 2004,
    pages = {61--69},
}
    publisher = {{IEEE} Computer Society}
    booktitle = {Proceedings of the Pacific Conference on
        Computer Graphics and Applications},

@inproceedings{Gumhold03, 
    author = {Stefan Gumhold and Rachida Amjoun},
    title = {Higher Order Prediction for Geometry Compression},
    booktitle = {Shape Modeling International},
    year = 2003,
    pages = {59--66},
}
    publisher = {{IEEE} Computer Society},

@inproceedings{Gumhold98,
    author = {Stefan Gumhold and Wolfgang Stra{\ss}er},
    title = {Real time compression of triangle mesh connectivity},
    booktitle = SIGGRAPH-y # {{98}}, 
    year = {1998},
    pages = {133--140},
}
    publisher = {{ACM} Press},

@inproceedings{Hoppe99,
    author = {Hugues Hoppe},
    title = {Optimization of mesh locality for transparent vertex caching},
    booktitle = SIGGRAPH-y # {{99}},
    year = 1999,
    pages = {269--276},
}
    publisher = {{ACM} Press}

@inproceedings{Hoppe97,
    author = {Hugues Hoppe},
    title = {View-dependent refinement of progressive meshes},
    booktitle = SIGGRAPH-y # {{97}},
    year = 1997,
    pages = {189--198},
}
    publisher = {{ACM} Press}

@inproceedings{Isenburg02,
    author = {Martin Isenburg and Pierre Alliez},
    title = {Compressing polygon mesh geometry with parallelogram prediction},
    booktitle = {Visualization 2002},
    year = 2002,
    pages = {141--146},
}
    publisher = {{IEEE} Computer Society},

@article{Isenburg03,
    author = {Martin Isenburg and Stefan Gumhold},
    title = {Out-of-core compression for gigantic polygon meshes},
    journal = TOG-y # {{2003}},
    volume = 22,
    number = 3,
    year = 2003,
    pages = {935--942},
}
    publisher = {{ACM} Press}

@inproceedings{Isenburg05,
    author = {M. Isenburg and P. Lindstrom and J. Snoeyink},
    title = {Streaming Compression of Triangle Meshes},
    booktitle = {Eurographics Symposium on Geometry Processing},
    year = 2005,
    pages = {111--118}
}

@article{Isenburg01,
    author = {Martin Isenburg},
    title = {Triangle Strip Compression},
    journal =  {Computer Graphics Forum},
    year = 2001,
    volume = 20,
    number = 2,
    pages = {91--101}
}

@inproceedings{Isenburg00,
    author = {Martin Isenburg},
    title = {Triangle Strip Compression},
    booktitle =  {Proceedings of Graphics Interface 2000},
    year = 2000,
    pages = {197--204}
}

@article{Isenburg05,
    author = {Martin Isenburg and Peter Lindstrom and Jack Snoeyink},
    title = {Lossless compression of predicted floating-point geometry},
    journal = {Computer-Aided Design},
    year = 2005,
    volume = 37,
    number = 8,
    pages = {869--877},
    publisher = {Elsevier}
}

@article{Kaick04,
    author = {O.M. van Kaick and M.V.G. da Silva and H.  Pedrini},
    title = {Efficient Generation of Triangle Strips from Triangulated Meshes},
    pages = {475--481},
    volume = 12,
    number = {1--3},
    year = 2004,
    journal = {Journal of {WSCG}}
}

@inproceedings{Karni00,
    author = {Zachi Karni and Craig Gotsman},
    title = {Spectral compression of mesh geometry},
    booktitle = SIGGRAPH-y # {2000}, 
    year = 2000,
    pages = {279--286},
}
    publisher = {{ACM} Press}

@inproceedings{Karni02,
    author = {Zachi Karni and Alexander Bogomjakov and Craig Gotsman},
    title = {Efficient compression and rendering of multi-resolution meshes},
    booktitle = {Visualization 2002},
    year = {2002},
    pages = {347--354},
}
    publisher = {{IEEE} Computer Society}

@article{Khodakovsky02,
    author = {Andrei Khodakovsky and Pierre Alliez and Mathieu 
        Desbrun and Peter Schr�der},
    title = {Near-optimal connectivity encoding of 2-manifold polygon meshes},
    journal = {Graphical Models},
    volume = 64,
    number = {3/4},
    year = 2002,
    pages = {147--168},
    publisher = {Academic Press Professional, Inc.},
}

@inproceedings{Kornmann99,
    title = {Fast and Simple Triangle Strip Generation},
    author = {David Kornmann},
    booktitle = {VMS Finland},
    year = 1999
}

@inproceedings{Kronrod02,
    author = {Boris Kronrod and Craig Gotsman},
    title = {Optimized Compression of Triangle Mesh Geometry Using 
        Prediction Trees},
    journal = {3DPVT},
    year = 2002,
    pages = {602--608},
}
    publisher = {{IEEE} Computer Society},

@inproceedings{Lee00,
    author = {Eung-Seok Lee and Hyeong-Seok Ko},
    title = {Vertex Data Compression for Triangular Meshes},
    booktitle = {PG'00},
    year = 2000,
    pages = {225--234},
}
    publisher = {{IEEE} Computer Society},

    booktitle = {Pacific Conference on Computer Graphics and Applications},

@article{Lin01,
    author = {Gang Lin and Thomas P.-Y Yu},
    title = {A Greedy, Non-Recursive Algorithm for Minimum-Time 
        Rendering of Triangle Meshes},
    year = 2001,
    journal = {{\color{red}Where was this published?}}
}

@article{Lin06,
    author = {Gang Lin and Thomas P.-Y. Yu},
    title = {An Improved Vertex Caching Scheme for 3D Mesh Rendering},
    volume = 12,
    journal = {TVCG},
    number = 4,
    year = 2006,
    pages = {640--648},
}
    publisher = {{IEEE} Computer Society},
    journal = {IEEE Transactions on Visualization and Computer Graphics},

@inproceedings{Lord05,
    author = {Kieren Lord and Ross Brown},
    title = {Using genetic algorithms to optimise triangle strips},
    booktitle = {GRAPHITE'05: Proceedings of the 3rd
        international conference on Computer graphics and
        interactive techniques in Australasia and South East Asia},
    year = 2005,
    pages = {169--176},
}
    publisher = {{ACM} Press},

@inproceedings{Mitra98,
    author = {Mitra, T. and Chiueh, T.},
    title = {A breadth-first approach to efficient mesh traversal},
    booktitle = {HWWS'98},
    year = {1998},
    pages = {31--38},
}
    booktitle = {Proceedings of the ACM SIGGRAPH/EUROGRAPHICS workshop on Graphics hardware},
    address = {New York, NY, USA}
    publisher = {{ACM} Press},

@inproceedings{Nehab06,
    author = {D. Nehab and J. Barczak and P. V. Sander},
    title = {Triangle Order Optimization for Graphics
        Hardware Computation Culling},
    booktitle = {I3D},
    year = {2006},
    pages = {207--211}
}

    booktitle = {Proceedings of the ACM SIGGRAPH Symposium on
        Interactive {3D} Graphics and Games},

@article{Pajarola00,
    author = {Renato Pajarola and Jarek Rossignac},
    title = {Compressed Progressive Meshes},
    journal = {TVCG},
    volume = 6,
    number = 1,
    year = 2000,
    pages = {79--93},
}
    publisher = {{IEEE} Computer Society}
    journal = {{IEEE} Transactions on Visualization and Computer Graphics},

@inproceedings{Porcu03,
    title = {An Interative Stripification Algorithm Based on 
        Dual Graph Operations},
    author = {M Porcu and R Scateni},
    booktitle = {Eurographics 2003},
    year = 2003,
    pages = {69--75}
}

@article{Ramos04a,
    title = {LodStrips: Level of Detail Strips},
    author = {J.F. Ramos and M. Chover},
    journal = {Lecture Notes in Computer Science},
    pages = {107--114},
    volume = 3039,
    year = 2004
}

@article{Ramos04b,
    title = {Variable Level of Detail Strips},
    author = {J.F. Ramos and M. Chover},
    journal = {Lecture Notes in Computer Science},
    pages = {622--630},
    volume = 3044,
    year = 2004
}

@inproceedings{Ramos06,
    author = {F. Ramos and M. Chover and O. Ripolles and C.  Granell},
    title = {Efficient Implementation of LodStrips},
    booktitle = {Proceedings of IASTED VIIP},
    year = 2006,
    pages = {365--370},
    publisher = {{ACTA} Press}
}

@article{Ribelles00,
    title = {Multiresolution Modelling of Polygonal Surface 
        Meshes Using Triangle Fans},
    author = {Jos� Ribelles and Angeles L�pez and 
        Inmaculada Remolar and Oscar Belmonte and Miguel Chover},
    journal = {Lecture Notes in Computer Science},
    pages = {431--443},
    volume = 1953,
    year = 2000
}

@inproceedings{Ripolles05,
    author = {O. Ripoll�s and M. Chover and J. F. Ramos},
    title = {Quality Strips for Models with Level of Detail},
    booktitle = {Proceedings of IASTED VIIP},
    year = 2005,
    pages = {268--273},
    publisher = {{ACTA} Press}
}

@article{Rossignac99,
    author = {Jarek Rossignac},
    title = {Edgebreaker: Connectivity Compression for Triangle Meshes},
    journal = {TVCG},
    volume = 5,
    number = 1,
    year = 1999,
    pages = {47--61},
}
    publisher = {{IEEE} Computer Society}
    journal = {IEEE Transactions on Visualization and Computer Graphics},

@inproceedings{Shafae03,
    author = {Michael Shafae and Renato Pajarola},
    title = {DStrips: Dynamic Triangle Strips for
        Real-Time Mesh Simplification and Rendering},
    booktitle = {PG'03},
    year = 2003,
    pages = {271--280},
}
    publisher = {{IEEE} Computer Society}
    booktitle = {Proceedings of the Pacific Conference on 
        Computer Graphics and Applications},

@article{Silva02,
    title = {Fast mesh rendering through efficient triangle
        strip generation},
    author = {M. V. G. da Silva and O. M. van Kaick and H.
        Pedrini},
    journal = {Journal of WSCG},
    year = 2002,
    volume = 10,
    number = 1,
    pages = {127--134}
}

@inproceedings{Stewart01,
    author = {A. James Stewart},
    title = {Tunneling for Triangle Strips in Continuous 
        Level-of-Detail Meshes},
    booktitle = {Graphics Interface},
    year = 2001,
    pages = {91--100}
}

@inproceedings{Speckmann97,
    title = {Easy triangle strips for TIN terrain models},
    author = {B. Speckmann and J. Snoeyink},
    booktitle = {Canadian Conference on Computational Geometry},
    pages = {91--100},
    year = 1997
}

@article{Taubin98,
    author = {Gabriel Taubin and Jarek Rossignac},
    title = {Geometric compression through topological surgery},
    journal = {ACM Transactions on Graphics},
    volume = 17,
    number = 2,
    year = 1998,
    pages = {84--115},
}
    publisher = {{ACM} Press},

@inproceedings{Touma98,
    title = {Triangle Mesh Compression},
    author = {Touma, C. and Gotsman, C.},
    booktitle = {Proceedings of Graphics Interface},
    pages = {26--34},
    year = 1998
}

@inproceedings{Teller91,
    author = {Seth J. Teller and Carlo H. S�quin},
    title = {Visibility preprocessing for interactive walkthroughs},
    booktitle = SIGGRAPH-y #{{91}},
    year = {1991},
    pages = {61--70},
}
    publisher = {{ACM} Press},

@inproceedings{Vanecek03,
    author = {Petr Vane\&\#269;ek and Ivana Kolingerov\&\#225;},
    title = {Fast Delaunay stripification},
    booktitle = {SCCG'03: Proceedings of the 19th Spring 
        Conference on Computer graphics},
    year = 2003,
    pages = {83--88},
}
    location = {Budmerice, Slovakia},
    publisher = {{ACM} Press},

@inproceedings{Vanecek04,
    author = {Petr Vane\&\#269;ek and Ivana Kolingerov\&\#225;},
    title = {Multi-Path Algorithm for Triangle Strips},
    booktitle = {Proceedings of the Computer Graphics International},
    year = 2004,
    pages = {2--9},
}
    publisher = {{IEEE} Computer Society}

@article{Velho99,
    author = {Luiz Velho and Luiz Henrique de Figueiredo and Jonas Gomes},
    title = {Hierarchical generalized triangle strips},
    journal = {The Visual Computer},
    volume = 15,
    number = 1,
    pages = {21--35},
    year = 1999,
    summary = {Starts with a stripification and give update 
        rules for subdivision}
}

@inproceedings{Xiang99,
    author = {Xinyu Xiang and Martin Held and Joseph S. B. Mitchell},
    title = {Fast and effective stripification of polygonal surface models},
    booktitle = {Proceedings of the 1999 Symposium on Interactive 3D Graphics},
    year = 1999,
    pages = {71--78},
}
    publisher = {{ACM} Press}

@article{Yoon05,
    author = {Sung-Eui Yoon and Peter Lindstrom and Valerio
        Pascucci and Dinesh Manocha},
    title = {Cache-oblivious mesh layouts},
    journal = TOG-y # {{2005}},
    volume = 24,
    number = 3,
    year = 2005,
    pages = {886--893},
}
    publisher = {{ACM} Press}

@article{Yoon06,
    author = {Sung-Eui Yoon and Peter Lindstrom},
    title = {Mesh Layouts for Block-Based Caches},
    journal = {TVCG},
    volume = 12,
    number = 5,
    year = 2006,
    pages = {1213--1220},
}
    publisher = {IEEE Computer Society},
    journal = {IEEE Transactions on Visualization and Computer Graphics},

@inproceedings{Zhang97,
    author = {Hansong Zhang and Dinesh Manocha and Tom Hudson and Kenneth E. Hoff, III},
    title = {Visibility culling using hierarchical occlusion maps},
    booktitle = SIGGRAPH-y # {{97}}, 
    year = {1997},
    pages = {77--88},
}
    publisher = {{ACM} Press},

@inproceedings{Zhukov98,
    Author = {Zhukov, S. and Iones, A. and Kronin, G.},
    Booktitle = {Eurographics Workshop on Rendering},
    Pages = {45--55},
    Publisher = {Springer-Verlag},
    Series = {Rendering Techniques},
    Title = {An ambient light illumination model},
    Year = 1998,
}

